<?xml version="1.0" encoding="UTF-8"?><collection xmlns="http://www.loc.gov/MARC21/slim"><record><leader>00552nam--2200181-i-4500</leader><controlfield tag="001">000020509</controlfield><controlfield tag="002">20161230</controlfield><controlfield tag="005">20161230201033</controlfield><controlfield tag="008">060222s1000------------r-----000-0-eng-d</controlfield><datafield ind1=" " ind2=" " tag="020"><subfield code="a">3-540-53</subfield></datafield><datafield ind1=" " ind2=" " tag="080"><subfield code="a">514.8(061.3)</subfield></datafield><datafield ind1=" " ind2=" " tag="100"><subfield code="a">Alvarez-gaume, L.Arbarello, E. ; De Concini, C. ; Hitchin, N.J</subfield></datafield><datafield ind1="1" ind2="0" tag="245"><subfield code="a">Global geometry and mathematical physics. montecatini terme 1988</subfield></datafield><datafield ind1=" " ind2=" " tag="260"><subfield code="a">Berlin, Springer-verlag, 1988</subfield></datafield><datafield ind1=" " ind2=" " tag="300"><subfield code="a">197 P</subfield></datafield><datafield ind1=" " ind2=" " tag="490"><subfield code="a">Lecture Notes In Mathematics</subfield><subfield code="v">vol. 1451</subfield></datafield><datafield ind1=" " ind2=" " tag="852"><subfield code="a">80359</subfield><subfield code="c">513</subfield></datafield><datafield ind1=" " ind2=" " tag="CAT"><subfield code="a">Sys</subfield><subfield code="c">20080530</subfield><subfield code="h">111515</subfield></datafield></record></collection>